<record><leader>00000cas a22000007a 4500</leader><controlfield tag="001">17938503</controlfield><controlfield tag="008">880511d19311931pauwr ne      0    0eng d</controlfield><datafield ind1=" " ind2=" " tag="010"><subfield code="a">sn 88079311 </subfield></datafield><datafield ind1=" " ind2=" " tag="040"><subfield code="a">NPH</subfield><subfield code="b">eng</subfield><subfield code="c">NPH</subfield><subfield code="d">OCLCQ</subfield></datafield><datafield ind1=" " ind2=" " tag="042"><subfield code="a">msc</subfield></datafield><datafield ind1="0" ind2="0" tag="245"><subfield code="a">Record-economist.</subfield></datafield><datafield ind1=" " ind2=" " tag="260"><subfield code="a">Pittsburgh, Pa. :</subfield><subfield code="b">Hill Top Record Pub. Co.,</subfield><subfield code="c">1931.</subfield></datafield><datafield ind1=" " ind2=" " tag="300"><subfield code="a">1 v. :</subfield><subfield code="b">ill. ;</subfield><subfield code="c">57 cm.</subfield></datafield><datafield ind1=" " ind2=" " tag="310"><subfield code="a">Weekly</subfield></datafield><datafield ind1="0" ind2=" " tag="362"><subfield code="a">Vol. 28, no. 16 (Aug. 7, 1931)-v. 28, no. 27 (Oct. 23, 1931).</subfield></datafield><datafield ind1=" " ind2=" " tag="752"><subfield code="a">United States</subfield><subfield code="b">Pennsylvania</subfield><subfield code="c">Allegheny</subfield><subfield code="d">Pittsburgh.</subfield></datafield><datafield ind1="0" ind2="4" tag="780"><subfield code="t">Hill top record</subfield><subfield code="w">(DLC)sn 85054697</subfield></datafield><datafield ind1="0" ind2="4" tag="780"><subfield code="t">South Hills economist</subfield><subfield code="w">(DLC)sn 89077261</subfield></datafield><datafield ind1="0" ind2="0" tag="785"><subfield code="t">Hill top record and South Hills economist</subfield><subfield code="w">(DLC)sn 88079310</subfield></datafield></record>